% Encoding: UTF-8

@Article{cebi2007,
  author  = {Cebi, Merve},
  journal = {Journal of Human Resources},
  title   = {Locus of Control and Human Capital Investment Revisited},
  year    = {2007},
  number  = {4},
  pages   = {919-932},
  volume  = {42},
}

@Article{heineck2010,
  author  = {Guido Heineck and Silke Anger},
  journal = {Labour Economics},
  title   = {The returns to cognitive abilities and personality traits in Germany},
  year    = {2010},
  number  = {3},
  pages   = {535 - 546},
  volume  = {17},
}

@Comment{jabref-meta: databaseType:bibtex;}
